[gd_scene load_steps=8 format=2]

[ext_resource path="res://Assets/Hack Regular Nerd Font Complete.ttf" type="DynamicFontData" id=1]
[ext_resource path="res://Scripts/HUD.gd" type="Script" id=2]
[ext_resource path="res://Assets/Suoni/menu.wav" type="AudioStream" id=3]
[ext_resource path="res://Assets/Suoni/menu02.wav" type="AudioStream" id=4]

[sub_resource type="DynamicFont" id=1]
size = 24
outline_size = 1
outline_color = Color( 0, 0, 0, 1 )
font_data = ExtResource( 1 )

[sub_resource type="DynamicFont" id=2]
size = 39
outline_size = 2
outline_color = Color( 0, 0, 0, 1 )
font_data = ExtResource( 1 )

[sub_resource type="DynamicFont" id=3]
size = 39
outline_size = 2
outline_color = Color( 0, 0, 0, 1 )
font_data = ExtResource( 1 )

[node name="HUD" type="CanvasLayer"]
script = ExtResource( 2 )
suono_bottone = ExtResource( 3 )
suono_slider = ExtResource( 4 )

[node name="SFX" type="AudioStreamPlayer" parent="."]
stream = ExtResource( 3 )

[node name="PopupPanel" type="PopupPanel" parent="."]
anchor_left = 0.25
anchor_top = 0.4
anchor_right = 0.75
anchor_bottom = 0.5
margin_top = -35.5
margin_bottom = 35.5
popup_exclusive = true

[node name="Label" type="Label" parent="PopupPanel"]
anchor_left = 0.5
anchor_top = 0.5
anchor_right = 0.5
anchor_bottom = 0.5
margin_left = -176.0
margin_top = -95.5
margin_right = 176.0
margin_bottom = 95.5
custom_fonts/font = SubResource( 1 )
text = "Vuoi chiudere la partita?
Qualsiasi progresso verrà perso."
align = 1
autowrap = true

[node name="tasto_no" type="Button" parent="PopupPanel/Label"]
anchor_top = 1.0
anchor_bottom = 1.0
margin_top = -50.0
margin_right = 100.0
custom_fonts/font = SubResource( 2 )
text = "No"

[node name="tasto_ok" type="Button" parent="PopupPanel/Label"]
anchor_left = 1.0
anchor_top = 1.0
anchor_right = 1.0
anchor_bottom = 1.0
margin_left = -100.0
margin_top = -50.0
custom_fonts/font = SubResource( 2 )
text = "Sì"

[node name="Contenitore_alto" type="HBoxContainer" parent="."]
visible = false
anchor_right = 1.0
margin_bottom = 50.0
grow_horizontal = 2
alignment = 1
__meta__ = {
"_edit_use_anchors_": false
}

[node name="Esci_tasto" type="Button" parent="Contenitore_alto"]
margin_right = 104.0
margin_bottom = 53.0
grow_horizontal = 0
custom_fonts/font = SubResource( 2 )
text = "Esci"
__meta__ = {
"_edit_use_anchors_": false,
"_editor_description_": ""
}

[node name="Chi_sta_giocando" type="RichTextLabel" parent="Contenitore_alto"]
margin_left = 108.0
margin_right = 612.0
margin_bottom = 53.0
size_flags_horizontal = 3
custom_fonts/normal_font = SubResource( 3 )
bbcode_enabled = true
bbcode_text = "[center][color=#00ff00]Giocatore 1[/color]"
text = "Giocatore 1"

[node name="Undo_tasto" type="Button" parent="Contenitore_alto"]
margin_left = 616.0
margin_right = 720.0
margin_bottom = 53.0
custom_fonts/font = SubResource( 2 )
text = "Undo"

[node name="Contenitore_verticale" type="VBoxContainer" parent="."]
anchor_top = 0.2
anchor_right = 1.0
anchor_bottom = 0.8
grow_horizontal = 2
grow_vertical = 2
custom_constants/separation = 50

[node name="Titolo_del_gioco" type="Label" parent="Contenitore_verticale"]
margin_right = 720.0
margin_bottom = 47.0
grow_vertical = 0
custom_fonts/font = SubResource( 2 )
text = "Titolo del gioco"
align = 1
autowrap = true
__meta__ = {
"_edit_use_anchors_": false
}

[node name="Schermata_iniziale_testo" type="Label" parent="Contenitore_verticale"]
margin_top = 97.0
margin_right = 720.0
margin_bottom = 194.0
custom_fonts/font = SubResource( 2 )
text = "Seleziona il numero di colonne
(9)"
align = 1
__meta__ = {
"_edit_use_anchors_": false
}

[node name="Contenitore_centrante" type="CenterContainer" parent="Contenitore_verticale"]
margin_top = 244.0
margin_right = 720.0
margin_bottom = 260.0

[node name="Input_numero_colonne" type="HSlider" parent="Contenitore_verticale/Contenitore_centrante"]
margin_left = 260.0
margin_right = 460.0
margin_bottom = 16.0
grow_horizontal = 2
rect_min_size = Vector2( 200, 0 )
size_flags_stretch_ratio = 1.29
min_value = 3.0
max_value = 10.0
value = 5.0
rounded = true
__meta__ = {
"_edit_use_anchors_": false
}

[node name="Start_tasto" type="Button" parent="Contenitore_verticale"]
margin_left = 296.0
margin_top = 310.0
margin_right = 423.0
margin_bottom = 363.0
grow_horizontal = 2
size_flags_horizontal = 4
custom_fonts/font = SubResource( 2 )
text = "Start"
__meta__ = {
"_edit_use_anchors_": false
}

[connection signal="pressed" from="PopupPanel/Label/tasto_no" to="." method="_on_tasto_no_pressed"]
[connection signal="pressed" from="PopupPanel/Label/tasto_ok" to="." method="_on_tasto_ok_pressed"]
[connection signal="pressed" from="Contenitore_alto/Esci_tasto" to="." method="_on_Esci_tasto_pressed"]
[connection signal="pressed" from="Contenitore_alto/Undo_tasto" to="." method="_on_Undo_button_pressed"]
[connection signal="value_changed" from="Contenitore_verticale/Contenitore_centrante/Input_numero_colonne" to="." method="_on_Input_numero_colonne_value_changed"]
[connection signal="pressed" from="Contenitore_verticale/Start_tasto" to="." method="_on_Start_button_pressed"]
